<mx:record xmlns="http://www.w3.org/TR/xhtml1/strict" xmlns:mx="http://www.loc.gov/MARC21/slim" xmlns:xsi="http://www.w3.org/2001/XMLSchema-instance"><mx:leader>00000cz   2200000n  0000</mx:leader><mx:controlfield tag="001">oca03855838 </mx:controlfield><mx:controlfield tag="005">20001103070250.0</mx:controlfield><mx:controlfield tag="008">950609n| acannaabn          |a aaa     c</mx:controlfield><mx:datafield ind1=" " ind2=" " tag="010"><mx:subfield code="a">nr 95021497</mx:subfield></mx:datafield><mx:datafield ind1=" " ind2=" " tag="040"><mx:subfield code="a">NNC</mx:subfield><mx:subfield code="b">eng</mx:subfield><mx:subfield code="c">NNC</mx:subfield><mx:subfield code="d">OCoLC</mx:subfield></mx:datafield><mx:datafield ind1="1" ind2=" " tag="100"><mx:subfield code="a">Gallus, C. Asinius</mx:subfield><mx:subfield code="q">(Caius Asinius),</mx:subfield><mx:subfield code="d">41 B.C.-33 A.D.</mx:subfield></mx:datafield><mx:datafield ind1="1" ind2=" " tag="400"><mx:subfield code="a">Asinius Gallus, C.</mx:subfield><mx:subfield code="q">(Caius),</mx:subfield><mx:subfield code="d">41 B.C.-33 A.D.</mx:subfield></mx:datafield><mx:datafield ind1="1" ind2=" " tag="400"><mx:subfield code="a">Asinius Gallus, Caius,</mx:subfield><mx:subfield code="d">41 B.C.-33 A.D.</mx:subfield></mx:datafield><mx:datafield ind1="1" ind2=" " tag="400"><mx:subfield code="a">Asinius Gallus, Gaius,</mx:subfield><mx:subfield code="d">41 B.C.-33 A.D.</mx:subfield></mx:datafield><mx:datafield ind1="1" ind2=" " tag="400"><mx:subfield code="a">Gallus, Gaius Asinius,</mx:subfield><mx:subfield code="d">41 B.C.-33 A.D.</mx:subfield></mx:datafield><mx:datafield ind1="0" ind2=" " tag="400"><mx:subfield code="a">C. Asinius Gallus</mx:subfield><mx:subfield code="q">(Caius Asinius Gallus),</mx:subfield><mx:subfield code="d">41 B.C. - 33 A.D.</mx:subfield></mx:datafield><mx:datafield ind1="1" ind2=" " tag="400"><mx:subfield code="a">Gallus, Caius Asinius,</mx:subfield><mx:subfield code="d">41 B.C.-33 A.D.</mx:subfield></mx:datafield><mx:datafield ind1=" " ind2=" " tag="670"><mx:subfield code="a">The works of C. Asinius Gallus [CF] 1991:</mx:subfield><mx:subfield code="b">PHI CD ROM #5.3, Latin Canon, bibliographic screen (C. Asinius Gallus)</mx:subfield></mx:datafield><mx:datafield ind1=" " ind2=" " tag="670"><mx:subfield code="a">Oxford class. dict., 1st ed.:</mx:subfield><mx:subfield code="b">p. 379 (Gallus, Gaius Asinius; consul in 8 B.C.; married Vipsania, ex-wife of Tiberius, 12 B.C.; imprisoned by Tiberius 30 A.D. and died in imprisonment 3 years later)</mx:subfield></mx:datafield><mx:datafield ind1=" " ind2=" " tag="670"><mx:subfield code="a">NUC pre-56:</mx:subfield><mx:subfield code="b">v. 189, p. 659 (Gallus, Caius Asinius, B.C. 1st cent.)</mx:subfield></mx:datafield><mx:datafield ind1=" " ind2=" " tag="670"><mx:subfield code="a">Pauly-Wissowa:</mx:subfield><mx:subfield code="b">4. Halbbd., col. 1585-1588; &amp;#034;Asinius&amp;#034;, #15</mx:subfield></mx:datafield><mx:datafield ind1=" " ind2=" " tag="670"><mx:subfield code="a">(C. Asinius C.f. Gallus; son of C. Asinius Polio; b. 41 (B.C.); consul in 8 B.C.; married Vipsania, former wife of Tiberius, 12 B.C.; imprisoned for alleged involvement with Sejanus 30 A.D.; died of starvation while imprisoned, 33 A.D.)</mx:subfield></mx:datafield><mx:datafield ind1=" " ind2=" " tag="670"><mx:subfield code="a">A Dictionary of Greek and Roman biography and mythology, 1967:</mx:subfield><mx:subfield code="b">v. 2, p. 225; &amp;#034;Gallus&amp;#034;, #2 (C. Asinius, C.f. Gallus)</mx:subfield></mx:datafield><mx:datafield ind1=" " ind2=" " tag="670"><mx:subfield code="a">Who was who in the Roman world, 1980:</mx:subfield><mx:subfield code="b">p. 31 (Asinius Gallus)</mx:subfield></mx:datafield><mx:datafield ind1=" " ind2=" " tag="999"><mx:subfield code="a">1</mx:subfield></mx:datafield></mx:record>